%% LaTeX2e file `presentatie.bib'
%% generated by the `filecontents' environment
%% from source `presentatie' on 2017/06/15.
%%
@Conference{KendiOnbekend,
  Title                    = {ZFS: Enhancing the Open Source Storage System (and the Kernel)},
  Author                   = {Kendi, Christian},
  Year                     = {Onbekend},
  Language                 = {English},
  Url                      = {https://www.blackhat.com/presentations/bh-dc-10/Kendi_Christian/Blackhat-DC-2010-Kendi-Enhancing-ZFS-slides.pdf},
  Owner                    = {Jonas De Moor},
  Timestamp                = {25.04.2017}}

@Techreport{ZFSBonwick,
  Title                    = {The Zettabyte Filesystem},
  Author                   = {Bonwick, Jeff and others},
  Year                     = {2002},
  Language                 = {English},
  Month                    = {Unknown},
  Url                      = {http://citeseerx.ist.psu.edu/viewdoc/download?doi=10.1.1.184.3704&rep=rep1&type=pdf},
  Organization             = {Sun Microsystems},
  Owner                    = {Jonas De Moor},
  Timestamp                = {25.04.2017}}

@Techreport{Microsystems2006,
  Title                    = {ZFS on-disk specification},
  Author                   = {{Sun Microsystems}},
  Year                     = {2006},
  Language                 = {English},
  Url                      = {http://www.giis.co.in/Zfs_ondiskformat.pdf},

  Owner                    = {Jonas De Moor},
  Timestamp                = {25.04.2017}}
